@article{article,
author = {Nguyen, T.P. and Chew, Moi Tin and Demidenko, S.N.},
year = {2015},
month = {04},
pages = {472-477},
title = {Eye tracking system to detect driver drowsiness},
journal = {ICARA 2015 - Proceedings of the 2015 6th International Conference on Automation, Robotics and Applications},
doi = {10.1109/ICARA.2015.7081194}
}

@article{reference2,
author = {Said, Sherif and Beyrouthy, Taha and Hassan, Murtaza and Fayek, M and Al Kork, Samer},
year = {2018},
month = {12},
pages = {446-454},
title = {Real Time Eye Tracking and Detection-A Driving Assistance System},
volume = {3},
journal = {Advances in Science, Technology and Engineering Systems Journal},
doi = {10.25046/aj030653}
}

@inbook{inbook,
author = {Muniyandi, Manivannan and Singh, Gurpreet},
year = {2013},
month = {01},
pages = {},
title = {Drowsiness Detection System for Pilots},
doi = {10.1007/978-81-322-1050-4_78}
}

@article{article2,
author = {Malathi, D and Jayaseeli, Dorathi and Madhuri, S and Senthilkumar, K},
year = {2018},
month = {04},
pages = {012048},
title = {Electrodermal Activity Based Wearable Device for Drowsy Drivers},
volume = {1000},
journal = {Journal of Physics: Conference Series},
doi = {10.1088/1742-6596/1000/1/012048}
}
@article{ramzan2019survey,
  title={A Survey on State-of-the-Art Drowsiness Detection Techniques},
  author={Ramzan, Muhammad and Khan, Hikmat Ullah and Awan, Shahid Mahmood and Ismail, Amina and Ilyas, Mahwish and Mahmood, Ahsan},
  journal={IEEE Access},
  volume={7},
  pages={61904--61919},
  year={2019},
  publisher={IEEE}
}
@article{saradadevi2008driver,
  title={Driver fatigue detection using mouth and yawning analysis},
  author={Saradadevi, Mandalapu and Bajaj, Preeti},
  journal={International journal of Computer science and network security},
  volume={8},
  number={6},
  pages={183--188},
  year={2008}
}
@article{yeo2009can,
  title={Can SVM be used for automatic EEG detection of drowsiness during car driving?},
  author={Yeo, Mervyn VM and Li, Xiaoping and Shen, Kaiquan and Wilder-Smith, Einar PV},
  journal={Safety Science},
  volume={47},
  number={1},
  pages={115--124},
  year={2009},
  publisher={Elsevier}
}
@inproceedings{inproceedings1,
author = {Jayadevappa, Suryaprasad and D, Sandesh and V, Saraswathi and D, Swathi and S, Manjunath},
year = {2013},
month = {11},
pages = {45-54},
title = {Real Time Drowsy Driver Detection Using Haarcascade Samples},
volume = {3},
isbn = {9781921987151},
journal = {Computer Science & Information Technology},
doi = {10.5121/csit.2013.3805}
}
@inproceedings{inproceedings,
author = {Pauly, Leo and Sankar, Deepa},
year = {2015},
month = {11},
pages = {},
title = {Detection of Drowsiness based on HOG features and SVM classifiers},
doi = {10.1109/ICRCICN.2015.7434232}
}
@inproceedings{junaedi2018driver,
  title={Driver Drowsiness Detection Based on Face Feature and PERCLOS},
  author={Junaedi, Suhandi and Akbar, Habibullah},
  booktitle={Journal of Physics: Conference Series},
  volume={1090},
  number={1},
  pages={012037},
  year={2018},
  organization={IOP Publishing}
}
@inproceedings{teyeb2014drowsy,
  title={A drowsy driver detection system based on a new method of head posture estimation},
  author={Teyeb, Ines and Jemai, Olfa and Zaied, Mourad and Amar, Chokri Ben},
  booktitle={International Conference on Intelligent Data Engineering and Automated Learning},
  pages={362--369},
  year={2014},
  organization={Springer}
}

@inproceedings{journal,
author = {Taha Emara},
year = {2017},
month = {9},
pages = {},
title = {Realtime Driver Drowsiness Detection (Sleep Detection)
},
url = {http://emaraic.com/blog/realtime-sleep-detection}
}

@inproceedings{study,
author = {Jasper S. Wijnands, Jason Thompson, Kerry A. Nice, Gideon D. P. A. Aschwanden, Mark Stevenson},
year = {2019},
month = {10},
pages = {},
title = {Real-time monitoring of driver drowsiness on mobile platforms using 3D neural networks
},
url = {https://arxiv.org/abs/1910.06540}
}


@inproceedings{blog2,
author = {MATTHEW C. KEEGAN},
year = {2018},
month = {10},
pages = {DROWSY DRIVER DETECTION SYSTEM: A NEW SAFETY FEATURE
},
title = {},
url = {http://knowhow.napaonline.com/drowsy-driver-detection-system-a-new-safety-feature/}
}
@inproceedings{blog3,
author = {PRWK},
year = {2017},
month = {8},
pages = {
},
title = {Panasonic Reveals Drowsiness Detection System to Combat Driver Fatigue},
url = {https://www.porterrennie.com/blog/panasonic-reveals-drowsiness-detection-system-to-combat-driver-fatigue}
}

@article{wilkinson2013accuracy,
  title={The accuracy of eyelid movement parameters for drowsiness detection},
  author={Wilkinson, Vanessa E and Jackson, Melinda L and Westlake, Justine and Stevens, Bronwyn and Barnes, Maree and Swann, Philip and Rajaratnam, Shantha MW and Howard, Mark E},
  journal={Journal of clinical sleep medicine},
  volume={9},
  number={12},
  pages={1315--1324},
  year={2013},
  publisher={American Academy of Sleep Medicine}
}
@inproceedings{Source1,
author = {Savan Patel},
year = {2017},
month = {5},
pages = {
},
title = {Chapter 2 : SVM (Support Vector Machine) — Theory
},
url = {https://medium.com/machine-learning-101/chapter-2-svm-support-vector-machine-theory-f0812effc72}
}
@inproceedings{Artical5,
author = {DATAFLAIR TEAM},
year = {2019},
month = {12},
pages = {
},
title = {Intermediate Python Project – Driver Drowsiness Detection System with OpenCV & Keras
},
url = {https://data-flair.training/blogs/python-project-driver-drowsiness-detection-system/}
}
@inproceedings{Artical6,
author = {YashKondawar},
year = {2016},
month = {12},
pages = {
},
title = {Project Idea | Driver distraction and drowsiness detection system – DCube
},
url = {https://www.geeksforgeeks.org/project-idea-driver-distraction-and-drowsiness-detection-system-dcube/}
}
@inproceedings{Artical7,
author = {Maja Majewski},
year = {2019},
month = {3},
pages = {
},
title = {Top 6 Software Development Methodologies
},
url = {https://leankit.com/blog/2019/03/top-6-software-development-methodologies/}
}
@inproceedings{Artical8,
author = {Nalla Senthilnathan},
year = {2019},
month = {8},
pages = {
},
title = {The Blackboard Pattern for Autonomous Navigation
},
url = {https://dzone.com/articles/the-blackboard-pattern-for-autonomous-navigation}
}



